% Encoding: UTF-8

@Book{SanjeevArora2017,
  author    = {Sanjeev Arora, Boaz Barak},
  publisher = {Cambridge University Press},
  title     = {Computational Complexity},
  year      = {2017},
  isbn      = {0521424267},
  month     = feb,
  ean       = {9780521424264},
  pagetotal = {604},
  url       = {https://www.ebook.de/de/product/8216393/sanjeev_arora_boaz_barak_computational_complexity.html},
}

@Book{9780521884730,
  author    = {Goldreich, Oded},
  publisher = {Cambridge University Press},
  title     = {Computational Complexity},
  year      = {2015},
  isbn      = {052188473X},
  month     = jan,
  ean       = {9780521884730},
  pagetotal = {632},
  url       = {https://www.ebook.de/de/product/7102195/oded_goldreich_computational_complexity.html},
}

@Misc{DemaineFall2014,
  author = {Erik Demaine},
  title  = {6.890 Algorithmic Lower Bounds: Fun with Hardness Proofs},
  year   = {Fall 2014},
  url    = {https://ocw.mit.edu},
}

@Comment{jabref-meta: databaseType:bibtex;}

{book:{2582910},
   title =     {Computational complexity A Modern Approach},
   author =    {Arora, Sanjeev;Barak, Boaz},
   publisher = {Cambridge University Press},
   isbn =      {9780521424264,978-0-511-53075-3,0521424267},
   year =      {2016},
   series =    {},
   edition =   {4th printing },
   volume =    {}
}
